<?xml version="1.0" encoding="UTF-8"?><collection xmlns="http://www.loc.gov/MARC21/slim"><record><leader>00503nam--2200133-i-4500</leader><controlfield tag="001">000038935</controlfield><controlfield tag="002">20161230</controlfield><controlfield tag="005">20170122234733</controlfield><controlfield tag="008">060222s1000------------r-----000-0-eng-d</controlfield><datafield ind1=" " ind2=" " tag="245"><subfield code="a">Review of electronic digital computers. Joint aiee-ire computer conference. Papers and discussions presented at the joint aiee-ire computer conference, Philadelphia, Pa., Dec.10-12, 1951</subfield></datafield><datafield ind1=" " ind2=" " tag="260"><subfield code="a">New York</subfield><subfield code="b">American Inst.Of Electrical Engineers</subfield><subfield code="c">1952</subfield></datafield><datafield ind1=" " ind2=" " tag="300"><subfield code="a">114 p</subfield></datafield><datafield ind1=" " ind2=" " tag="852"><subfield code="a">6354</subfield></datafield><datafield ind1=" " ind2=" " tag="CAT"><subfield code="a">SYS</subfield><subfield code="c">20170122</subfield><subfield code="h">234733</subfield></datafield></record></collection>